<?xml version="1.0" encoding="UTF-8"?>
<SOAP-ENV:Envelope xmlns:SOAP-ENV="http://schemas.xmlsoap.org/soap/envelope/" xmlns:ns1="http://oss.dbc.dk/ns/openformat" xmlns:os="http://oss.dbc.dk/ns/opensearch" xmlns:dc="http://purl.org/dc/elements/1.1/" xmlns:dkabm="http://biblstandard.dk/abm/namespace/dkabm/" xmlns:ISO639-2="http://lcweb.loc.gov/standards/iso639-2/" xmlns:dcmitype="http://purl.org/dc/dcmitype/" xmlns:dcterms="http://purl.org/dc/terms/" xmlns:ac="http://biblstandard.dk/ac/namespace/" xmlns:dkdcplus="http://biblstandard.dk/abm/namespace/dkdcplus/" xmlns:oss="http://oss.dbc.dk/ns/osstypes" xmlns:marcx="info:lc/xmlns/marcxchange-v1" xmlns:xsi="http://www.w3.org/2001/XMLSchema-instance">
  <SOAP-ENV:Body>
    <ns1:formatRequest>
      <ns1:originalData>
        <os:collection>
          <os:resultPosition>1</os:resultPosition>
          <os:numberOfObjects>3</os:numberOfObjects>
          <os:object>
            <dkabm:record>
              <ac:identifier>22229427-1|870970</ac:identifier>
              <ac:source>NJE</ac:source>
              <dc:title>På Slotsholmen-1</dc:title>
              <dc:title xsi:type="dkdcplus:full">På Slotsholmen 1</dc:title>
              <dc:creator xsi:type="dkdcplus:aut">Hans Engell 1</dc:creator>
              <dc:creator xsi:type="oss:sort">Engell, Hans</dc:creator>
              <dc:subject xsi:type="dkdcplus:DK5-Text">1945-1999</dc:subject>
              <dc:subject xsi:type="dkdcplus:DK5">96.72-1</dc:subject>
              <dc:subject xsi:type="dkdcplus:DBCF">Hans Engell-1</dc:subject>
              <dc:subject xsi:type="oss:sort">Engell, Hans</dc:subject>
              <dcterms:abstract>Hans Engell (f. 1948)-1</dcterms:abstract>
              <dcterms:audience>voksenmaterialer</dcterms:audience>
              <dkdcplus:version>2. udgave-1</dkdcplus:version>
              <dc:publisher>Aschehoug</dc:publisher>
              <dc:date>1998</dc:date>
              <dc:type xsi:type="dkdcplus:BibDK-Type">Bog</dc:type>
              <dc:format>illustreret</dc:format>
              <dcterms:extent>455 sider-1</dcterms:extent>
              <dc:identifier xsi:type="dkdcplus:ISBN">87-11-15086-6</dc:identifier>
              <dc:language xsi:type="dcterms:ISO639-2">dan</dc:language>
              <dc:language>Dansk</dc:language>
              <dcterms:spatial xsi:type="dkdcplus:DBCF">Danmark</dcterms:spatial>
            </dkabm:record>
            <marcx:collection>
              <marcx:record format="danMARC2" type="Bibliographic">
                <marcx:leader>000000000000000000000000</marcx:leader>
                <marcx:datafield tag="001" ind1="0" ind2="0">
                  <marcx:subfield code="a">22229427-1</marcx:subfield>
                  <marcx:subfield code="b">870970</marcx:subfield>
                  <marcx:subfield code="c">20010128224732</marcx:subfield>
                  <marcx:subfield code="d">19980926</marcx:subfield>
                  <marcx:subfield code="f">a</marcx:subfield>
                  <marcx:subfield code="o">c</marcx:subfield>
                  <marcx:subfield code="t">FAUST</marcx:subfield>
                </marcx:datafield>
                <marcx:datafield tag="004" ind1="0" ind2="0">
                  <marcx:subfield code="r">n</marcx:subfield>
                  <marcx:subfield code="a">e</marcx:subfield>
                </marcx:datafield>
                <marcx:datafield tag="008" ind1="0" ind2="0">
                  <marcx:subfield code="t">m</marcx:subfield>
                  <marcx:subfield code="u">u</marcx:subfield>
                  <marcx:subfield code="a">1998</marcx:subfield>
                  <marcx:subfield code="b">dk</marcx:subfield>
                  <marcx:subfield code="k">a</marcx:subfield>
                  <marcx:subfield code="l">dan</marcx:subfield>
                  <marcx:subfield code="v">0</marcx:subfield>
                </marcx:datafield>
                <marcx:datafield tag="009" ind1="0" ind2="0">
                  <marcx:subfield code="a">a</marcx:subfield>
                  <marcx:subfield code="g">xx</marcx:subfield>
                </marcx:datafield>
                <marcx:datafield tag="021" ind1="0" ind2="0">
                  <marcx:subfield code="a">87-11-15086-6</marcx:subfield>
                  <marcx:subfield code="c">ib.</marcx:subfield>
                  <marcx:subfield code="d">kr. 149,00</marcx:subfield>
                </marcx:datafield>
                <marcx:datafield tag="032" ind1="0" ind2="0">
                  <marcx:subfield code="a">DBF199843</marcx:subfield>
                  <marcx:subfield code="x">SFD199843</marcx:subfield>
                </marcx:datafield>
                <marcx:datafield tag="100" ind1="0" ind2="0">
                  <marcx:subfield code="0"/>
                  <marcx:subfield code="a">Engell</marcx:subfield>
                  <marcx:subfield code="h">Hans</marcx:subfield>
                </marcx:datafield>
                <marcx:datafield tag="245" ind1="0" ind2="0">
                  <marcx:subfield code="a">På Slotsholmen-1</marcx:subfield>
                  <marcx:subfield code="e">Hans Engel-1</marcx:subfield>
                </marcx:datafield>
                <marcx:datafield tag="250" ind1="0" ind2="0">
                  <marcx:subfield code="a">2. udgave</marcx:subfield>
                </marcx:datafield>
                <marcx:datafield tag="260" ind1="0" ind2="0">
                  <marcx:subfield code="a">[Kbh.]</marcx:subfield>
                  <marcx:subfield code="b">Aschehoug-1</marcx:subfield>
                  <marcx:subfield code="k">Nørhaven, Viborg</marcx:subfield>
                  <marcx:subfield code="c">1998</marcx:subfield>
                </marcx:datafield>
                <marcx:datafield tag="300" ind1="0" ind2="0">
                  <marcx:subfield code="a">455 sider</marcx:subfield>
                  <marcx:subfield code="b">ill.</marcx:subfield>
                </marcx:datafield>
                <marcx:datafield tag="504" ind1="0" ind2="0">
                  <marcx:subfield code="a">Hans Engell (f. 1948)</marcx:subfield>
                </marcx:datafield>
                <marcx:datafield tag="520" ind1="0" ind2="0">
                  <marcx:subfield code="a">Tidligere: 1. udgave. 1997-1</marcx:subfield>
                </marcx:datafield>
                <marcx:datafield tag="600" ind1="0" ind2="0">
                  <marcx:subfield code="0"/>
                  <marcx:subfield code="a">Engell</marcx:subfield>
                  <marcx:subfield code="h">Hans</marcx:subfield>
                  <marcx:subfield code="2">DBC</marcx:subfield>
                </marcx:datafield>
                <marcx:datafield tag="652" ind1="0" ind2="0">
                  <marcx:subfield code="0"/>
                  <marcx:subfield code="n">96.72-1</marcx:subfield>
                  <marcx:subfield code="z">99</marcx:subfield>
                  <marcx:subfield code="a">Engell</marcx:subfield>
                  <marcx:subfield code="h">Hans</marcx:subfield>
                </marcx:datafield>
                <marcx:datafield tag="652" ind1="0" ind2="0">
                  <marcx:subfield code="o">96.72</marcx:subfield>
                </marcx:datafield>
                <marcx:datafield tag="s10" ind1="0" ind2="0">
                  <marcx:subfield code="a">DBC</marcx:subfield>
                </marcx:datafield>
              </marcx:record>
            </marcx:collection>
            <os:identifier>870970-basis:22229427-1</os:identifier>
            <os:holdingsCount>10</os:holdingsCount>
            <os:createDate>1980-10-10</os:createDate>
            <os:formatsAvailable>
              <os:format>dkabm</os:format>
            </os:formatsAvailable>
          </os:object>
          <os:object>
            <dkabm:record>
              <ac:identifier>21921173-2|870970</ac:identifier>
              <ac:source>undefined</ac:source>
              <dc:title>På Slotsholmen-2</dc:title>
              <dc:title xsi:type="dkdcplus:full">På Slotsholmen-2</dc:title>
              <dc:creator xsi:type="dkdcplus:aut">Hans Engell-2</dc:creator>
              <dc:creator xsi:type="oss:sort">Engell, Hans</dc:creator>
              <dc:subject xsi:type="dkdcplus:DK5-Text">1945-1999-2</dc:subject>
              <dc:subject xsi:type="dkdcplus:DK5">96.72</dc:subject>
              <dc:subject xsi:type="dkdcplus:DBCF">Det Konservative Folkeparti</dc:subject>
              <dc:subject xsi:type="dkdcplus:DBCF">Hans Engell</dc:subject>
              <dc:subject xsi:type="oss:sort">Engell, Hans</dc:subject>
              <dc:description xsi:type="dkdcplus:series">Samhørende: På Slotsholmen: Farvel til Slotsholmen</dc:description>
              <dcterms:audience>voksenmaterialer</dcterms:audience>
              <dkdcplus:version>1. udgave, 3. oplag</dkdcplus:version>
              <dc:publisher>Aschehoug</dc:publisher>
              <dc:date>1997</dc:date>
              <dc:type xsi:type="dkdcplus:BibDK-Type">Bog</dc:type>
              <dc:format>illustreret</dc:format>
              <dcterms:extent>455 sider</dcterms:extent>
              <dc:identifier xsi:type="dkdcplus:ISBN">87-11-15065-3</dc:identifier>
              <dc:language xsi:type="dcterms:ISO639-2">dan</dc:language>
              <dc:language>Dansk</dc:language>
              <dcterms:spatial xsi:type="dkdcplus:DBCF">Danmark</dcterms:spatial>
            </dkabm:record>